<?xml version="1.0"?>
<zs:searchRetrieveResponse xmlns:zs="http://docs.oasis-open.org/ns/search-ws/sruResponse">
  <zs:numberOfRecords>5</zs:numberOfRecords>
  <zs:records>
    <zs:record>
      <zs:recordSchema>marcxml</zs:recordSchema>
      <zs:recordXMLEscaping>xml</zs:recordXMLEscaping>
      <zs:recordData>
        <record xmlns="http://www.loc.gov/MARC21/slim">
          <leader>02447cam a2200469 i 4500</leader>
          <controlfield tag="001">000066653580</controlfield>
          <controlfield tag="003">AuCNLKIN</controlfield>
          <controlfield tag="005">20240812153008.0</controlfield>
          <controlfield tag="008">201123t20202020enk    e      000 1 eng d</controlfield>
          <datafield tag="020" ind1=" " ind2=" ">
            <subfield code="a">9781780897448 (paperback)</subfield>
          </datafield>
          <datafield tag="040" ind1=" " ind2=" ">
            <subfield code="a">NJB</subfield>
            <subfield code="b">eng</subfield>
            <subfield code="c">NJB</subfield>
            <subfield code="e">rda</subfield>
          </datafield>
          <datafield tag="100" ind1="1" ind2=" ">
            <subfield code="a">Cline, Ernest,</subfield>
            <subfield code="e">author.</subfield>
          </datafield>
          <datafield tag="245" ind1="1" ind2="0">
            <subfield code="a">Ready player two /</subfield>
            <subfield code="c">Ernest Cline.</subfield>
          </datafield>
          <datafield tag="246" ind1="3" ind2=" ">
            <subfield code="a">Ready player 2</subfield>
          </datafield>
          <datafield tag="264" ind1=" " ind2="1">
            <subfield code="a">London :</subfield>
            <subfield code="b">Century,</subfield>
            <subfield code="c">2020.</subfield>
          </datafield>
          <datafield tag="300" ind1=" " ind2=" ">
            <subfield code="a">370 pages ;</subfield>
            <subfield code="c">24 cm.</subfield>
          </datafield>
          <datafield tag="336" ind1=" " ind2=" ">
            <subfield code="a">text</subfield>
            <subfield code="b">txt</subfield>
          </datafield>
          <datafield tag="337" ind1=" " ind2=" ">
            <subfield code="a">unmediated</subfield>
            <subfield code="b">n</subfield>
            <subfield code="2">rdamedia</subfield>
          </datafield>
          <datafield tag="338" ind1=" " ind2=" ">
            <subfield code="a">volume</subfield>
            <subfield code="b">nc</subfield>
            <subfield code="2">rdacarrier</subfield>
          </datafield>
          <datafield tag="500" ind1=" " ind2=" ">
            <subfield code="a">Sequel to: ready player one.</subfield>
          </datafield>
          <datafield tag="500" ind1=" " ind2=" ">
            <subfield code="a">First published in the USA by Ballantine Books in 2020.</subfield>
          </datafield>
          <datafield tag="520" ind1=" " ind2=" ">
            <subfield code="a">Days after winning OASIS founder James Halliday's contest, Wade Watts makes a discovery that changes everything. Hidden within Halliday's vaults, waiting for his heir to find it, lies a technological advancement that will once again change the world and make the OASIS a thousand times more wondrous - and addictive - than even Wade dreamed possible. With it comes a new riddle, and a new quest: a last Easter egg from Halliday, hinting at a mysterious prize. And an unexpected, impossibly powerful, and dangerous new rival awaits, one who'll kill millions to get what he wants. Wade's life and the future of the OASIS are again at stake, but this time the fate of humanity also hangs in the balance.</subfield>
          </datafield>
          <datafield tag="600" ind1="1" ind2="0">
            <subfield code="a">Watts, Wade,</subfield>
            <subfield code="c">(Fictitious character)</subfield>
            <subfield code="v">Teenage fiction.</subfield>
          </datafield>
          <datafield tag="650" ind1=" " ind2="0">
            <subfield code="a">Technology</subfield>
            <subfield code="v">Teenage fiction.</subfield>
          </datafield>
          <datafield tag="650" ind1=" " ind2="0">
            <subfield code="a">Virtual reality</subfield>
            <subfield code="v">Teenage fiction.</subfield>
          </datafield>
          <datafield tag="650" ind1=" " ind2="0">
            <subfield code="a">Utopias</subfield>
            <subfield code="v">Teenage fiction.</subfield>
          </datafield>
          <datafield tag="650" ind1=" " ind2="0">
            <subfield code="a">Shared virtual environments</subfield>
            <subfield code="v">Teenage fiction.</subfield>
          </datafield>
          <datafield tag="650" ind1=" " ind2="0">
            <subfield code="a">Video gamers</subfield>
            <subfield code="v">Teenage fiction.</subfield>
          </datafield>
          <datafield tag="650" ind1=" " ind2="0">
            <subfield code="a">Easter eggs</subfield>
            <subfield code="v">Teenage fiction.</subfield>
          </datafield>
          <datafield tag="650" ind1=" " ind2="0">
            <subfield code="a">Regression (Civilization)</subfield>
            <subfield code="v">Teenage fiction.</subfield>
          </datafield>
          <datafield tag="650" ind1=" " ind2="0">
            <subfield code="a">Puzzles</subfield>
            <subfield code="v">Teenage fiction.</subfield>
          </datafield>
          <datafield tag="655" ind1=" " ind2="0">
            <subfield code="a">Science fiction</subfield>
            <subfield code="v">Teenage</subfield>
          </datafield>
          <datafield tag="655" ind1=" " ind2="0">
            <subfield code="a">Dystopian fiction</subfield>
            <subfield code="v">Teenage fiction</subfield>
          </datafield>
          <datafield tag="655" ind1=" " ind2="7">
            <subfield code="a">Fantasy fiction</subfield>
            <subfield code="v">Teenage fiction.</subfield>
            <subfield code="2">lcgft</subfield>
          </datafield>
          <datafield tag="655" ind1=" " ind2="0">
            <subfield code="a">Teenage fiction</subfield>
          </datafield>
          <datafield tag="830" ind1=" " ind2="0">
            <subfield code="a">Ready player one ;</subfield>
            <subfield code="v">2</subfield>
          </datafield>
          <datafield tag="850" ind1=" " ind2=" ">
            <subfield code="a">__ NRIV</subfield>
            <subfield code="b">oai:NRIV:brn/151450</subfield>
            <subfield code="c">held - Held at the following branches: RRL Admin Centre, Cootamundra, Tumut, Corowa.</subfield>
          </datafield>
          <datafield tag="850" ind1=" " ind2=" ">
            <subfield code="a">NCHC</subfield>
            <subfield code="b">oai:NCHC:brn/299433</subfield>
            <subfield code="c">Held RedHatTesting</subfield>
          </datafield>
          <datafield tag="850" ind1=" " ind2=" ">
            <subfield code="a">NRUL</subfield>
            <subfield code="b">oai:AuNRUL:1006909849</subfield>
            <subfield code="c">Held</subfield>
          </datafield>
          <datafield tag="850" ind1=" " ind2=" ">
            <subfield code="a">VBOR</subfield>
            <subfield code="b">oai:VBOR:brn/549970</subfield>
            <subfield code="c">T FIC CLINE</subfield>
          </datafield>
          <datafield tag="850" ind1=" " ind2=" ">
            <subfield code="a">VCCLC</subfield>
            <subfield code="b">(lv)2203076:VCCLC</subfield>
            <subfield code="c">CLI</subfield>
          </datafield>
          <datafield tag="850" ind1=" " ind2=" ">
            <subfield code="a">VPPLS</subfield>
            <subfield code="b">oai:VPPLS:brn/569444</subfield>
            <subfield code="c">Held</subfield>
          </datafield>
        </record>
      </zs:recordData>
      <zs:recordPosition>1</zs:recordPosition>
    </zs:record>