
    <zs:record>
      <zs:recordSchema>marcxml</zs:recordSchema>
      <zs:recordXMLEscaping>xml</zs:recordXMLEscaping>
      <zs:recordData>
        <record xmlns="http://www.loc.gov/MARC21/slim">
  <leader>03084cam a22004811a 4500</leader>
  <controlfield tag="001">000066413758</controlfield>
  <controlfield tag="003">AuCNLKIN</controlfield>
  <controlfield tag="005">20241015190803.0</controlfield>
  <controlfield tag="006">m    ||  d |      </controlfield>
  <controlfield tag="007">cr |||||||||||</controlfield>
  <controlfield tag="008">191130s2019    sz      ob    001 0 eng d</controlfield>
  <datafield tag="020" ind1=" " ind2=" ">
    <subfield code="a">9783030282622</subfield>
  </datafield>
  <datafield tag="020" ind1=" " ind2=" ">
    <subfield code="a">3030282627</subfield>
  </datafield>
  <datafield tag="024" ind1="8" ind2=" ">
    <subfield code="a">99983412828</subfield>
  </datafield>
  <datafield tag="035" ind1=" " ind2=" ">
    <subfield code="a">(OCoLC)1129191004</subfield>
  </datafield>
  <datafield tag="035" ind1=" " ind2=" ">
    <subfield code="a">(OCoLC)on1129191004</subfield>
  </datafield>
  <datafield tag="040" ind1=" " ind2=" ">
    <subfield code="a">NhCcYBP</subfield>
    <subfield code="c">NhCcYBP</subfield>
  </datafield>
  <datafield tag="042" ind1=" " ind2=" ">
    <subfield code="a">anuc</subfield>
  </datafield>
  <datafield tag="050" ind1=" " ind2="4">
    <subfield code="a">GV1469.34.S52</subfield>
    <subfield code="b">M35 2019</subfield>
  </datafield>
  <datafield tag="082" ind1="0" ind2="4">
    <subfield code="a">794.8</subfield>
    <subfield code="2">23</subfield>
  </datafield>
  <datafield tag="100" ind1="1" ind2=" ">
    <subfield code="a">Maloney, Marcus,</subfield>
    <subfield code="e">author.</subfield>
  </datafield>
  <datafield tag="245" ind1="1" ind2="0">
    <subfield code="a">Gender, masculinity and video gaming :</subfield>
    <subfield code="b">analysing Reddit's r/gaming community /</subfield>
    <subfield code="c">Marcus Maloney, Steven Roberts, Timothy Graham.</subfield>
  </datafield>
  <datafield tag="260" ind1=" " ind2=" ">
    <subfield code="a">Cham :</subfield>
    <subfield code="b">Palgrave Macmillan,</subfield>
    <subfield code="c">[2019]</subfield>
  </datafield>
  <datafield tag="300" ind1=" " ind2=" ">
    <subfield code="a">1 online resource ( 109 pages)</subfield>
  </datafield>
  <datafield tag="338" ind1=" " ind2=" ">
    <subfield code="a">online resource</subfield>
    <subfield code="b">cr</subfield>
    <subfield code="2">rdacarrier</subfield>
  </datafield>
  <datafield tag="338" ind1=" " ind2=" ">
    <subfield code="a">online resource</subfield>
    <subfield code="b">cr</subfield>
    <subfield code="2">rdacarrier</subfield>
  </datafield>
  <datafield tag="504" ind1=" " ind2=" ">
    <subfield code="a">Includes bibliographical references and index.</subfield>
  </datafield>
  <datafield tag="505" ind1="0" ind2=" ">
    <subfield code="a">Intro; Acknowledgements; Contents; List of Figures; List of Tables; Chapter 1: Introduction; Idle Hands, (Folk) Devil's Playthings; Why Reddit?; Methodology; Data Collection and Text Processing; Methods of Analysis; Discussion of Methodology; Ready Player One; References; Chapter 2: Hegemonic, Inclusive and Geek Masculinities; Hegemonic Masculinity; Geek Masculinity As Hegemonic Masculinity?; Adding to Connell's Tools; Conclusion; References; Chapter 3: Computational Survey; Voting and Sentiment Analysis; Topic Model Analysis of 'Masculine Gendered' /r/Gaming Comments.</subfield>
  </datafield>
  <datafield tag="505" ind1="8" ind2=" ">
    <subfield code="a">Topic Model Analysis of 'Feminine Gendered' /r/Gaming CommentsReferences; Chapter 4: Masculine Discourses in r/gaming; 'I'm Very Glad You Enjoyed This Game but I Actually Hate It'; 'I'm So Confused Why I'm Failing. I WAS Following the Damn Train'; Competition and Cohesion; References; Chapter 5: Feminine Discourses in r/gaming; 'Half Naked Women Make Literally Every Single Thing Better'; 'Spare Me the Bullshit ...'; 'If You Weren't Female They'd Harass You for Something Else'; '... Not Even If You Were TheLastDudeguy on Earth'; Battlegrounds and Contestations; References; Chapter 6: Conclusion.</subfield>
  </datafield>
  <datafield tag="506" ind1=" " ind2=" ">
    <subfield code="a">Subscription and registration required for access.</subfield>
  </datafield>
  <datafield tag="588" ind1=" " ind2=" ">
    <subfield code="a">Online resource; title from PDF title page (SpringerLink, viewed December 3, 2019)</subfield>
  </datafield>
  <datafield tag="650" ind1=" " ind2="0">
    <subfield code="a">Video games</subfield>
    <subfield code="x">Social aspects.</subfield>
  </datafield>
  <datafield tag="650" ind1=" " ind2="0">
    <subfield code="a">Masculinity.</subfield>
  </datafield>
  <datafield tag="650" ind1=" " ind2="0">
    <subfield code="a">Sex role.</subfield>
  </datafield>
  <datafield tag="653" ind1=" " ind2=" ">
    <subfield code="a">Australian</subfield>
  </datafield>
  <datafield tag="655" ind1=" " ind2="0">
    <subfield code="a">Electronic books</subfield>
  </datafield>
  <datafield tag="700" ind1="1" ind2=" ">
    <subfield code="a">Roberts, Steven,</subfield>
    <subfield code="d">1978-,</subfield>
    <subfield code="e">author.</subfield>
  </datafield>
  <datafield tag="700" ind1="1" ind2=" ">
    <subfield code="a">Graham, Timothy,</subfield>
    <subfield code="e">author.</subfield>
  </datafield>
  <datafield tag="710" ind1="2" ind2=" ">
    <subfield code="a">EBSCOhost</subfield>
  </datafield>
  <datafield tag="776" ind1="0" ind2="8">
    <subfield code="i">Print version</subfield>
    <subfield code="a">Maloney, Marcus</subfield>
    <subfield code="t">Gender, Masculinity and Video Gaming : Analysing Reddit's R/gaming Community</subfield>
    <subfield code="d">Cham : Springer International Publishing AG,c2020</subfield>
    <subfield code="z">9783030282615</subfield>
  </datafield>
  <datafield tag="850" ind1=" " ind2=" ">
    <subfield code="a">ANL</subfield>
    <subfield code="b">oai:nla-test.folio.ebsco.com:fs00001069/0107e985-3297-5043-859f-b1061085f733</subfield>
    <subfield code="c">8152104 - Electronic resource</subfield>
  </datafield>
  <datafield tag="850" ind1=" " ind2=" ">
    <subfield code="a">QU</subfield>
    <subfield code="b">991014074673203131</subfield>
    <subfield code="c">Online: Not available for loan</subfield>
  </datafield>
  <datafield tag="856" ind1="4" ind2="0">
    <subfield code="u">http://search.ebscohost.com/login.aspx?direct=true&amp;scope=site&amp;db=nlebk&amp;db=nlabk&amp;AN=2317758</subfield>
  </datafield>
</record></zs:recordData><zs:recordPosition>2</zs:recordPosition></zs:record>