<zs:record><zs:recordSchema>marcxml</zs:recordSchema><zs:recordXMLEscaping>xml</zs:recordXMLEscaping><zs:recordData><record xmlns="http://www.loc.gov/MARC21/slim">
  <leader>02462cam a2200349 a 4500</leader>
  <controlfield tag="001">000059268678</controlfield>
  <controlfield tag="003">AuCNLKIN</controlfield>
  <controlfield tag="005">20190524104755.0</controlfield>
  <controlfield tag="006">m        u        </controlfield>
  <controlfield tag="007">cr cn ||||||||</controlfield>
  <controlfield tag="008">190423s2019    xx      o           eng d</controlfield>
  <datafield tag="020" ind1=" " ind2=" ">
    <subfield code="z">9781593279387</subfield>
  </datafield>
  <datafield tag="024" ind1="8" ind2=" ">
    <subfield code="a">9781492071242</subfield>
  </datafield>
  <datafield tag="040" ind1=" " ind2=" ">
    <subfield code="a">QUT</subfield>
  </datafield>
  <datafield tag="100" ind1="1" ind2=" ">
    <subfield code="a">Anthropy, Anna,</subfield>
    <subfield code="e">author.</subfield>
  </datafield>
  <datafield tag="245" ind1="1" ind2="0">
    <subfield code="a">Make Your Own Twine Games!</subfield>
    <subfield code="h">[electronic resource] /</subfield>
    <subfield code="c">Anthropy, Anna.</subfield>
  </datafield>
  <datafield tag="250" ind1=" " ind2=" ">
    <subfield code="a">1st edition.</subfield>
  </datafield>
  <datafield tag="264" ind1=" " ind2="1">
    <subfield code="b">No Starch Press,</subfield>
    <subfield code="c">2019.</subfield>
  </datafield>
  <datafield tag="300" ind1=" " ind2=" ">
    <subfield code="a">104 p.</subfield>
  </datafield>
  <datafield tag="336" ind1=" " ind2=" ">
    <subfield code="a">text</subfield>
    <subfield code="b">txt</subfield>
    <subfield code="2">rdacontent</subfield>
  </datafield>
  <datafield tag="337" ind1=" " ind2=" ">
    <subfield code="a">computer</subfield>
    <subfield code="b">c</subfield>
    <subfield code="2">rdamedia</subfield>
  </datafield>
  <datafield tag="338" ind1=" " ind2=" ">
    <subfield code="a">online resource</subfield>
    <subfield code="b">cr</subfield>
    <subfield code="2">rdacarrier</subfield>
  </datafield>
  <datafield tag="347" ind1=" " ind2=" ">
    <subfield code="a">text file</subfield>
  </datafield>
  <datafield tag="520" ind1=" " ind2=" ">
    <subfield code="a">Twine is a free online tool that lets anyone new to programming create their own interactive, story-based adventure games in a web page. In Make Your Own Twine Games! , game designer Anna Anthropy takes you step-by-step through the game development process, from coming up with a basic idea to structuring your game. You'll learn the basics of Twine like how to use links and apply images and formatting to make your game look more distinct. You'll get tips on how to test your game, export it, and publish it online, and even understand more advanced features like scripting to get your game to remember and respond to player choices. As you make your way through the book and begin crafting your own interactive fiction, you'll learn other cool tricks like how to: &#x2022;Write stories that follow multiple paths using hyperlinks &#x2022;Create variables to track your player's actions &#x2022;Add scripting like "if" and "else" to decide when ghosts should appear in your game &#x2022;Use hooks to add fancy touches like text effects, pictures, and sound With example games to act as inspiration, Make Your Own Twine Games! will take you from story-teller to game designer in just a few clicks! Ready player one? The game starts now. Covers Twine 2.</subfield>
  </datafield>
  <datafield tag="533" ind1=" " ind2=" ">
    <subfield code="a">Electronic reproduction.</subfield>
    <subfield code="b">Boston, MA :</subfield>
    <subfield code="c">Safari.</subfield>
    <subfield code="n">Available via World Wide Web.</subfield>
  </datafield>
  <datafield tag="538" ind1=" " ind2=" ">
    <subfield code="a">Mode of access: World Wide Web.</subfield>
  </datafield>
  <datafield tag="542" ind1=" " ind2=" ">
    <subfield code="f">Copyright &#xA9; No Starch Press</subfield>
  </datafield>
  <datafield tag="550" ind1=" " ind2=" ">
    <subfield code="a">Made available through: Safari, an O'Reilly Media Company.</subfield>
  </datafield>
  <datafield tag="655" ind1=" " ind2="7">
    <subfield code="a">Electronic books.</subfield>
    <subfield code="2">local</subfield>
  </datafield>
  <datafield tag="710" ind1="2" ind2=" ">
    <subfield code="a">Safari, an O'Reilly Media Company.</subfield>
  </datafield>
  <datafield tag="850" ind1=" " ind2=" ">
    <subfield code="a">QUT</subfield>
    <subfield code="b">991009692037504001</subfield>
    <subfield code="c">Online : Licence restrictions may apply</subfield>
  </datafield>
  <datafield tag="856" ind1="4" ind2="0">
    <subfield code="z">Connect to this resource online</subfield>
    <subfield code="u">https://www.safaribooksonline.com/library/view/-/9781492071242/?ar</subfield>
  </datafield>
</record></zs:recordData><zs:recordPosition>3</zs:recordPosition></zs:record>