<zs:record><zs:recordSchema>marcxml</zs:recordSchema><zs:recordXMLEscaping>xml</zs:recordXMLEscaping><zs:recordData><record xmlns="http://www.loc.gov/MARC21/slim">
  <leader>05068cam a2200517 i 4500</leader>
  <controlfield tag="001">000066047974</controlfield>
  <controlfield tag="003">AuCNLKIN</controlfield>
  <controlfield tag="005">20240604224351.0</controlfield>
  <controlfield tag="006">m    |o  d |      </controlfield>
  <controlfield tag="007">cr || ||||||||</controlfield>
  <controlfield tag="008">190828s2019    gw     fo     000 0 eng d</controlfield>
  <datafield tag="020" ind1=" " ind2=" ">
    <subfield code="a">9783110659405</subfield>
  </datafield>
  <datafield tag="020" ind1=" " ind2=" ">
    <subfield code="a">3110659409</subfield>
  </datafield>
  <datafield tag="020" ind1=" " ind2=" ">
    <subfield code="a">9783110655728</subfield>
  </datafield>
  <datafield tag="020" ind1=" " ind2=" ">
    <subfield code="a">3110655721</subfield>
  </datafield>
  <datafield tag="024" ind1="7" ind2=" ">
    <subfield code="a">10.1515/9783110659405</subfield>
    <subfield code="2">doi</subfield>
  </datafield>
  <datafield tag="035" ind1=" " ind2=" ">
    <subfield code="a">(OCoLC)1114910745</subfield>
  </datafield>
  <datafield tag="040" ind1=" " ind2=" ">
    <subfield code="a">DEGRU</subfield>
    <subfield code="b">eng</subfield>
    <subfield code="e">rda</subfield>
    <subfield code="e">pn</subfield>
    <subfield code="c">DEGRU</subfield>
    <subfield code="d">OCLCQ</subfield>
    <subfield code="d">YDX</subfield>
    <subfield code="d">N$T</subfield>
    <subfield code="d">OCLCF</subfield>
    <subfield code="d">YDX</subfield>
    <subfield code="d">OCL</subfield>
    <subfield code="d">OCLCO</subfield>
    <subfield code="d">OCLCQ</subfield>
    <subfield code="d">OCLCO</subfield>
    <subfield code="d">OCLCQ</subfield>
    <subfield code="d">DEGRU</subfield>
    <subfield code="d">OCLCO</subfield>
    <subfield code="d">OCLCL</subfield>
    <subfield code="d">UKAHL</subfield>
  </datafield>
  <datafield tag="044" ind1=" " ind2=" ">
    <subfield code="a">gw</subfield>
    <subfield code="c">DE</subfield>
  </datafield>
  <datafield tag="072" ind1=" " ind2="7">
    <subfield code="a">HIS035000</subfield>
    <subfield code="2">bisacsh</subfield>
  </datafield>
  <datafield tag="245" ind1="0" ind2="0">
    <subfield code="a">Playing the Field :</subfield>
    <subfield code="b">Video Games and American Studies /</subfield>
    <subfield code="c">edited by Sascha Po&#x308;hlmann.</subfield>
  </datafield>
  <datafield tag="264" ind1=" " ind2="1">
    <subfield code="a">Berlin ;</subfield>
    <subfield code="a">Boston :</subfield>
    <subfield code="b">De Gruyter Oldenbourg,</subfield>
    <subfield code="c">[2019]</subfield>
  </datafield>
  <datafield tag="300" ind1=" " ind2=" ">
    <subfield code="a">1 online resource.</subfield>
  </datafield>
  <datafield tag="336" ind1=" " ind2=" ">
    <subfield code="a">text</subfield>
    <subfield code="b">txt</subfield>
    <subfield code="2">rdacontent</subfield>
  </datafield>
  <datafield tag="337" ind1=" " ind2=" ">
    <subfield code="a">computer</subfield>
    <subfield code="b">c</subfield>
    <subfield code="2">rdamedia</subfield>
  </datafield>
  <datafield tag="338" ind1=" " ind2=" ">
    <subfield code="a">online resource</subfield>
    <subfield code="b">cr</subfield>
  </datafield>
  <datafield tag="347" ind1=" " ind2=" ">
    <subfield code="a">text file</subfield>
    <subfield code="b">PDF</subfield>
    <subfield code="2">rda</subfield>
  </datafield>
  <datafield tag="505" ind1="0" ind2="0">
    <subfield code="t">Frontmatter --</subfield>
    <subfield code="t">Table of Contents --</subfield>
    <subfield code="t">Introduction: Video Games and American Studies /</subfield>
    <subfield code="r">Po&#x308;hlmann, Sascha --</subfield>
    <subfield code="t">Video Games and the American Cultural Context /</subfield>
    <subfield code="r">Wolf, Mark J. P. --</subfield>
    <subfield code="t">The end is nigh! Bring forth the Shepard! Mass Effect, the Apocalypse, and the Puritan Imagination /</subfield>
    <subfield code="r">Fuchs, Michael / Phillips, Michael / Rabitsch, Stefan --</subfield>
    <subfield code="t">The Last of the US: The Game as Cultural Geography /</subfield>
    <subfield code="r">Callahan, David --</subfield>
    <subfield code="t">Mobility and Choices in Role-Playing Games /</subfield>
    <subfield code="r">Maier, Patricia --</subfield>
    <subfield code="t">Playing the Urban Future: The Scripting of Movement and Space in Mirror&#x2019;s Edge (2008) /</subfield>
    <subfield code="r">Meinel, Dietmar --</subfield>
    <subfield code="t">Playing on Fields: Seasonal Seriality, Tele-Realism, and the Bio-Politics of Digital Sports Games /</subfield>
    <subfield code="r">Lu&#x308;the, Martin --</subfield>
    <subfield code="t">Narrative and Play in American Studies: Ludic Textuality in the Video Game Alan Wake and the TV Series Westworld /</subfield>
    <subfield code="r">Schubert, Stefan --</subfield>
    <subfield code="t">Toward a Reconsideration of Hypermediacy: Immersion in Survival Horror Games and Eighteenth-Century Novels /</subfield>
    <subfield code="r">Nae, Andrei / Bacalu, Alexandra Ileana --</subfield>
    <subfield code="t">Ludic Literature: Ready Player One as Didactic Fiction for the Neoliberal Subject /</subfield>
    <subfield code="r">Stark, Doug --</subfield>
    <subfield code="t">Strategies against Structure: Video Game Terrorism as the Ultimate American Agency Narrative /</subfield>
    <subfield code="r">Domsch, Sebastian --</subfield>
    <subfield code="t">Why We Play Role-Playing Games /</subfield>
    <subfield code="r">Adams, Jon --</subfield>
    <subfield code="t">Narrative Glitches: Action Adventure Games and Metaleptic Convergence /</subfield>
    <subfield code="r">Schlarb, Damien B. --</subfield>
    <subfield code="t">Time Travelling to the American Revolution &#x2014; Why Immersive Media Need American Studies /</subfield>
    <subfield code="r">Mittermeier, Sabrina --</subfield>
    <subfield code="t">A Shining City and the Sodom Below: Historical Guilt and Personal Agency in BioShock Infinite /</subfield>
    <subfield code="r">Franz, Manuel / Jansen, Henning --</subfield>
    <subfield code="t">The Art of BioShock Infinite: Identity, Race, and Manifest Destiny /</subfield>
    <subfield code="r">Blank, Jacqueline --</subfield>
    <subfield code="t">Sounds of Tears: Mozart&#x2019;s Lacrimosa in Different Media /</subfield>
    <subfield code="r">Keller, Veronika --</subfield>
    <subfield code="t">Unspoken Adventures: On Sound, Story, and Nonverbal Gameplay in Journey and Inside /</subfield>
    <subfield code="r">Aghoro, Nathalie --</subfield>
    <subfield code="t">Contributors --</subfield>
    <subfield code="t">Index of Names --</subfield>
    <subfield code="t">Index of Subjects.</subfield>
  </datafield>
  <datafield tag="506" ind1="0" ind2=" ">
    <subfield code="a">restricted access :</subfield>
    <subfield code="u">http://purl.org/coar/access_right/c_16ec</subfield>
    <subfield code="f">online access with authorization</subfield>
    <subfield code="2">star</subfield>
  </datafield>
  <datafield tag="520" ind1=" " ind2=" ">
    <subfield code="a">American Studies has only gradually turned its attention to video games in the twenty-first century, even though the medium has grown into a cultural industry that is arguably the most important force in American and global popular culture today. There is an urgent need for a substantial theoretical reflection on how the field and its object of study relate to each other. This anthology, the first of its kind, seeks to address this need by asking a dialectic question: first, how may American Studies apply its highly diverse theoretical and methodological tools to the analysis of video games, and second, how are these theories and methods in turn affected by the games? The eighteen essays offer exemplary approaches to video games from the perspective of American cultural and historical studies as they consider a broad variety of topics: the US-American games industry, Puritan rhetoric, cultural geography, mobility and race, urbanity and space, digital sports, ludic textuality, survival horror and the eighteenth-century novel, gamer culture and neoliberalism, terrorism and agency, algorithm culture, glitches, theme parks, historical guilt, visual art, sonic meaning-making, and nonverbal gameplay.</subfield>
  </datafield>
  <datafield tag="538" ind1=" " ind2=" ">
    <subfield code="a">Mode of access: Internet via World Wide Web.</subfield>
  </datafield>
  <datafield tag="546" ind1=" " ind2=" ">
    <subfield code="a">In English.</subfield>
  </datafield>
  <datafield tag="588" ind1=" " ind2=" ">
    <subfield code="a">Description based on online resource; title from PDF title page (publisher's Web site, viewed 28. Aug 2019)</subfield>
  </datafield>
  <datafield tag="650" ind1=" " ind2="0">
    <subfield code="a">Video games</subfield>
    <subfield code="x">Social aspects</subfield>
    <subfield code="z">United States.</subfield>
  </datafield>
  <datafield tag="650" ind1=" " ind2="0">
    <subfield code="a">Video games</subfield>
    <subfield code="z">United States.</subfield>
  </datafield>
  <datafield tag="650" ind1=" " ind2="7">
    <subfield code="a">Video games</subfield>
    <subfield code="x">Social aspects.</subfield>
    <subfield code="2">fast</subfield>
  </datafield>
  <datafield tag="650" ind1=" " ind2="7">
    <subfield code="a">Education.</subfield>
    <subfield code="2">fast</subfield>
  </datafield>
  <datafield tag="650" ind1=" " ind2="7">
    <subfield code="a">Video games.</subfield>
    <subfield code="2">fast</subfield>
  </datafield>
  <datafield tag="650" ind1=" " ind2="7">
    <subfield code="a">HISTORY</subfield>
    <subfield code="x">Study &amp; Teaching.</subfield>
    <subfield code="2">bisacsh</subfield>
  </datafield>
  <datafield tag="651" ind1=" " ind2="0">
    <subfield code="a">United States</subfield>
    <subfield code="x">Study and teaching.</subfield>
  </datafield>
  <datafield tag="651" ind1=" " ind2="7">
    <subfield code="a">United States.</subfield>
    <subfield code="2">fast</subfield>
  </datafield>
  <datafield tag="700" ind1="1" ind2=" ">
    <subfield code="a">Po&#x308;hlmann, Sascha,</subfield>
    <subfield code="e">editor.</subfield>
  </datafield>
  <datafield tag="776" ind1="0" ind2=" ">
    <subfield code="c">EPUB</subfield>
    <subfield code="z">9783110655728</subfield>
  </datafield>
  <datafield tag="776" ind1="0" ind2=" ">
    <subfield code="c">print</subfield>
    <subfield code="z">9783110655254</subfield>
  </datafield>
  <datafield tag="850" ind1=" " ind2=" ">
    <subfield code="a">QU</subfield>
    <subfield code="b">991014040169003131</subfield>
    <subfield code="c">Online: Not available for loan</subfield>
  </datafield>
  <datafield tag="850" ind1=" " ind2=" ">
    <subfield code="a">VMCD</subfield>
    <subfield code="b">on1114910745</subfield>
    <subfield code="c">Held</subfield>
  </datafield>
</record></zs:recordData><zs:recordPosition>4</zs:recordPosition></zs:record>