<zs:record><zs:recordSchema>marcxml</zs:recordSchema><zs:recordXMLEscaping>xml</zs:recordXMLEscaping><zs:recordData><record xmlns="http://www.loc.gov/MARC21/slim">
  <leader>04751cjm a2200361 i 4500</leader>
  <controlfield tag="001">000063992938</controlfield>
  <controlfield tag="003">AuCNLKIN</controlfield>
  <controlfield tag="005">20200704073349.0</controlfield>
  <controlfield tag="008">181002s2018    enkmp|ee            eng d</controlfield>
  <datafield tag="024" ind1="0" ind2=" ">
    <subfield code="a">738572155520</subfield>
  </datafield>
  <datafield tag="028" ind1="3" ind2="0">
    <subfield code="a">SILCD1555</subfield>
  </datafield>
  <datafield tag="040" ind1=" " ind2=" ">
    <subfield code="a">VDGV</subfield>
    <subfield code="b">eng</subfield>
    <subfield code="e">rda</subfield>
    <subfield code="c">VDGV</subfield>
  </datafield>
  <datafield tag="082" ind1="0" ind2="4">
    <subfield code="a">781.542</subfield>
    <subfield code="2">23</subfield>
  </datafield>
  <datafield tag="245" ind1="0" ind2="0">
    <subfield code="a">100 greatest science fiction themes.</subfield>
  </datafield>
  <datafield tag="246" ind1="3" ind2=" ">
    <subfield code="a">One hundred greatest science fiction themes</subfield>
  </datafield>
  <datafield tag="264" ind1=" " ind2="2">
    <subfield code="a">[London] :</subfield>
    <subfield code="b">Silva Screen Records,</subfield>
    <subfield code="c">[2018]</subfield>
  </datafield>
  <datafield tag="300" ind1=" " ind2=" ">
    <subfield code="a">5 CDs :</subfield>
    <subfield code="b">digital ;</subfield>
    <subfield code="c">12 cm.</subfield>
  </datafield>
  <datafield tag="336" ind1=" " ind2=" ">
    <subfield code="a">performed music</subfield>
    <subfield code="b">prm</subfield>
    <subfield code="2">rdacontent</subfield>
  </datafield>
  <datafield tag="337" ind1=" " ind2=" ">
    <subfield code="a">audio</subfield>
    <subfield code="b">s</subfield>
    <subfield code="2">rdamedia</subfield>
  </datafield>
  <datafield tag="338" ind1=" " ind2=" ">
    <subfield code="a">audio disc</subfield>
    <subfield code="b">sd</subfield>
    <subfield code="2">rdacarrier</subfield>
  </datafield>
  <datafield tag="500" ind1=" " ind2=" ">
    <subfield code="a">"Six disc collection" -- spine.</subfield>
  </datafield>
  <datafield tag="500" ind1=" " ind2=" ">
    <subfield code="a">Credits on container.</subfield>
  </datafield>
  <datafield tag="505" ind1="0" ind2=" ">
    <subfield code="a">Disc 01. 1. Main Title (Ready Player One) -- 2. Corellia Chase (Solo: A Star Wars Story) -- 3. Finale (Star Wars: The Last Jedi) -- 4. 2049 (Blade Runner 2049) -- 5. Showtime A-Holes (Guardians Of The Galaxy Vol 2) -- 6. Theme (Star Trek: Discovery) -- 7. Heptapod B (Arrival) -- 8. Space Station (Mars) -- 9. Spacewalk (Passengers) -- 10. Stranger Things -- 11. Westworld -- 12. Warcraft -- 13. The Imperial Suite (Rogue One: A Star Wars Story) -- 14. Rey's Theme (Star Wars: The Force Awakens) -- 15. March Of The Resistance (Star Wars: The Force Awakens) -- 16. Farewell &amp; The Trip (Star Wars: The Force Awakens) -- 17. Skin (Ex Machina) -- 18. Tessa (Transformers: Age Of Extinction).</subfield>
  </datafield>
  <datafield tag="505" ind1="0" ind2=" ">
    <subfield code="a">Disc  02. 1. Cornfield Chase (Interstellar) -- 2. No Time For Caution (Interstellar) -- 3. The Hanging Tree (The Hunger Games: Mockingjay part 1) -- 4. Gravity -- 5. Iron Man 3 -- 6. London Calling (Star Trek: Into Darkness) -- 7. Waking Up (Oblivion) -- 8. Life (Prometheus) -- 9. Person Of Interest -- 10. Theme (Doctor Who - Series 5) -- 11. It's Our Fight (Transformers: Dark Of The Moon) -- 12. Suite (Super 8) -- 13. The Consolations Of Philosophy (Black Mirror) -- 14. A Dream Within A Dream (Inception) -- 15. Mombasa (Inception) -- 16. Time (Inception) -- 17. Outlands (Tron: Legacy) -- 18. Recognizer (Tron: Legacy) -- 19. War (Avatar).</subfield>
  </datafield>
  <datafield tag="505" ind1="0" ind2=" ">
    <subfield code="a">Disc 03. 1. Forest Battle (Transformers: Revenge Of The Fallen) -- 2. Welcome To Lunar Industries (Moon) -- 3. Hella Bar Talk/Enterprising Young Men (Star Trek) -- 4. Roar! (Cloverfield) -- 5. Driving With The Top Down (Iron Man) -- 6. Adagio In D Minor (Sunshine) -- 7. The Last Man (The Fountain) -- 8. Together We Will Live Forever (The Fountain) -- 9. My Name Is Lincoln (The Island) -- 10. Battle Of The Heroes (Star Wars: Revenge Of The Sith) -- 11. War Of The Worlds -- 12. Don't Blow It (Solaris) -- 13. Across The Stars (Star Wars: Attack Of The Clones) -- 14. Where Dreams Are Born (Artificial Intelligence: AI) -- 15. Main Theme (Galaxy Quest) -- 16. Duel Of The Fates (Star Wars: The Phantom Menace) -- 17. Anything Is Possible (The Matrix).</subfield>
  </datafield>
  <datafield tag="505" ind1="0" ind2=" ">
    <subfield code="a">Disc 04. 1. Harry &amp; Greg/Launch (Armageddon) -- 2. The Wedding (Deep Impact) -- 3. End Titles (Lost In Space) -- 4. The Story Ends (Mercury Rising) -- 5. Contact -- 6. The Departure (Gattaca) -- 7. End Credits (Independence Day) -- 8. Apollo 13 -- 9. Suite (Judge Dredd) -- 10. Species -- 11. Giza 1928/Going Home (Stargate) -- 12. Overture (Star Trek VI: The Undiscovered Country) -- 13. Suite (Terminator 2: Judgment Day) -- 14. Total Recall.</subfield>
  </datafield>
  <datafield tag="505" ind1="0" ind2=" ">
    <subfield code="a">Disc 05. 1. End Credits (The Abyss) -- 2. Closing Credits (Dead Ringers) -- 3. Predator -- 4. Rock Shop/Home/Van Chase/The Dream (Robocop) -- 5. Prelude/Ripley's Rescue (Aliens) -- 6. Main Theme (Back To The Future) -- 7. Lifeforce -- 8. Dune -- 9. Bird Of Prey Decloaks (Star Trek III: The Search For Spock) -- 10. Starman -- 11. Main Theme (The Last Starfighter) -- 12. The Right Stuff -- 13. End Credits (Twilight Zone: The Movie) -- 14. Love Theme (Blade Runner) -- 15. Closing Theme (Blade Runner).</subfield>
  </datafield>
  <datafield tag="505" ind1="0" ind2=" ">
    <subfield code="a">Disc 06. 1. Adventures On Earth (ET: The Extra-Terrestrial) -- 2. Overture (Star Trek II: The Wrath Of Khan) -- 3. The Thing -- 4. The Imperial March (Star Wars: The Empire Strikes Back) -- 5. Alien -- 6. Main Theme (Phantasm) -- 7. End Titles/Klingon Attack (Star Trek: The Motion Picture) -- 8. The Black Hole -- 9. Main Theme/The Destruction Of Peace (Battlestar Galactica) -- 10. Main Title (Star Wars: A New Hope) -- 11. Resolution &amp; Finale (Close Encounters Of The Third Kind) -- 12. Also Sprach Zarathustra (2001: A Space Odyssey) -- 13. Star Trek -- 14. London 1900/Filbey's Theme (The Time Machine) -- 15. Forbidden Planet -- 16. Suite (The Day The Earth Stood Still) -- 17. March (Things To Come).</subfield>
  </datafield>
  <datafield tag="650" ind1=" " ind2="0">
    <subfield code="a">Motion picture music.</subfield>
  </datafield>
  <datafield tag="650" ind1=" " ind2="0">
    <subfield code="a">Film soundtracks.</subfield>
  </datafield>
  <datafield tag="650" ind1=" " ind2="0">
    <subfield code="a">Popular music.</subfield>
  </datafield>
  <datafield tag="850" ind1=" " ind2=" ">
    <subfield code="a">VDGV</subfield>
    <subfield code="b">(plvtest)1927151:VDGV</subfield>
    <subfield code="c">CD VAR GRE</subfield>
  </datafield>
  <datafield tag="850" ind1=" " ind2=" ">
    <subfield code="a">VWMR</subfield>
    <subfield code="b">oai:VWMR:brn/577489</subfield>
    <subfield code="c">Held</subfield>
  </datafield>
</record></zs:recordData><zs:recordPosition>5</zs:recordPosition></zs:record></zs:records><zs:echoedSearchRetrieveRequest><zs:version>2.0</zs:version><zs:queryType>pqf</zs:queryType><zs:query>@or @or @attr 1=12 000066653580 @attr 1=12 000066413758 @or @attr 1=12 000063992938 @or @attr 1=12 000059268678 @attr 1=12 000066047974</zs:query><zs:maximumRecords>100</zs:maximumRecords><zs:recordXMLEscaping>xml</zs:recordXMLEscaping><zs:recordSchema>marcxml</zs:recordSchema><zs:extraRequestData><zs:target>http://z3950-test.librariesaustralia.nla.gov.au:210/Bibliographic</zs:target></zs:extraRequestData></zs:echoedSearchRetrieveRequest></zs:searchRetrieveResponse>
